<?xml version="1.0" encoding="UTF-8"?><collection xmlns="http://www.loc.gov/MARC21/slim"><record><leader>00341nam--2200133-i-4500</leader><controlfield tag="001">000026822</controlfield><controlfield tag="002">20161230</controlfield><controlfield tag="005">20161230201036</controlfield><controlfield tag="008">060222s1000------------r-----000-0-eng-d</controlfield><datafield ind1=" " ind2=" " tag="100"><subfield code="a">Kijowski, Jerzy</subfield></datafield><datafield ind1=" " ind2=" " tag="245"><subfield code="a">Tulczyjew, wlodzimierz</subfield></datafield><datafield ind1=" " ind2=" " tag="260"><subfield code="a">A Symplectic Farmework For Field Theori</subfield></datafield><datafield ind1=" " ind2=" " tag="490"><subfield code="a">Lecture Notes In Physics</subfield></datafield><datafield ind1=" " ind2=" " tag="852"><subfield code="a">530.145</subfield></datafield></record></collection>